@article{matsumoto,
    AUTHOR = {Matsumoto, Shigenori and Morita, Shigeyuki},
     TITLE = {Bounded cohomology of certain groups of homeomorphisms},
   JOURNAL = {Proc. Amer. Math. Soc.},
  FJOURNAL = {Proceedings of the American Mathematical Society},
    VOLUME = {94},
      YEAR = {1985},
    NUMBER = {3},
     PAGES = {539--544},
      ISSN = {0002-9939},
   MRCLASS = {55N99 (57T99)},
  MRNUMBER = {787909},
       DOI = {10.2307/2045250},
       URL = {https://doi.org/10.2307/2045250},
}

@article{mitsumatsu,
    AUTHOR = {Mitsumatsu, Yoshihiko},
     TITLE = {Bounded cohomology and {$l^1$}-homology of surfaces},
   JOURNAL = {Topology},
  FJOURNAL = {Topology. An International Journal of Mathematics},
    VOLUME = {23},
      YEAR = {1984},
    NUMBER = {4},
     PAGES = {465--471},
      ISSN = {0040-9383},
   MRCLASS = {57N05 (53C20 55N35)},
  MRNUMBER = {780736},
MRREVIEWER = {Caroline Series},
       DOI = {10.1016/0040-9383(84)90006-5},
       URL = {https://doi.org/10.1016/0040-9383(84)90006-5},
}

@book{loeha,
author = {C. Löh},
title = {Group Cohomology},
titleaddon = {Sommersemester 2019 Universität Regensburg},
year = {2019}
}


@book{loehb,
author = {C. Löh},
title = {Group Cohomology \& Bounded Cohomology},
titleaddon = {An introduction for topologists},
year = {2010}
}

@article{gromov,
    AUTHOR = {Gromov, Michael},
     TITLE = {Volume and bounded cohomology},
   JOURNAL = {Inst. Hautes \'{E}tudes Sci. Publ. Math.},
  FJOURNAL = {Institut des Hautes \'{E}tudes Scientifiques. Publications
              Math\'{e}matiques},
    NUMBER = {56},
      YEAR = {1982},
     PAGES = {5--99 (1983)},
      ISSN = {0073-8301},
   MRCLASS = {53C20 (53C21 57R99 58E99)},
  MRNUMBER = {686042},
MRREVIEWER = {Karsten Grove},
       URL = {http://www.numdam.org/item?id=PMIHES_1982__56__5_0},
}

@book{frigerio,
    AUTHOR = {Frigerio, Roberto},
     TITLE = {Bounded cohomology of discrete groups},
    SERIES = {Mathematical Surveys and Monographs},
    VOLUME = {227},
 PUBLISHER = {American Mathematical Society, Providence, RI},
      YEAR = {2017},
     PAGES = {xvi+193},
      ISBN = {978-1-4704-4146-3},
   MRCLASS = {57T10 (20J06 37C85 55N10 57M07 57N16)},
  MRNUMBER = {3726870},
MRREVIEWER = {Clara L\"{o}h},
}

@article{soma,
    AUTHOR = {Soma, Teruhiko},
     TITLE = {Existence of non-{B}anach bounded cohomology},
   JOURNAL = {Topology},
  FJOURNAL = {Topology. An International Journal of Mathematics},
    VOLUME = {37},
      YEAR = {1998},
    NUMBER = {1},
     PAGES = {179--193},
      ISSN = {0040-9383},
   MRCLASS = {55N35 (53C20)},
  MRNUMBER = {1480885},
MRREVIEWER = {Yuli B. Rudyak},
       DOI = {10.1016/S0040-9383(97)00002-5},
       URL = {https://doi.org/10.1016/S0040-9383(97)00002-5},
}